
@inreference{noauthor_list_2020,
	title = {List of backup software},
	rights = {Creative Commons Attribution-{ShareAlike} License},
	url = {https://en.wikipedia.org/w/index.php?title=List_of_backup_software&oldid=995532680},
	abstract = {This is a list of notable backup software that performs data backups. Archivers, transfer protocols, and version control systems are often used for backups but only software focused on backup should be listed here. See Comparison of backup software for features.},
	booktitle = {Wikipedia},
	urldate = {2021-01-03},
	date = {2020-12-21},
	langid = {english},
	note = {Page Version {ID}: 995532680},
	file = {Snapshot:/home/leix/Zotero/storage/YSH7F3DM/index.html:text/html}
}

@inreference{noauthor_comparison_2020,
	title = {Comparison of backup software},
	rights = {Creative Commons Attribution-{ShareAlike} License},
	url = {https://en.wikipedia.org/w/index.php?title=Comparison_of_backup_software&oldid=978930027},
	abstract = {Feature comparison of backup software for a more general comparison see List of backup software.},
	booktitle = {Wikipedia},
	urldate = {2021-01-03},
	date = {2020-09-17},
	langid = {english},
	note = {Page Version {ID}: 978930027},
	file = {Snapshot:/home/leix/Zotero/storage/6XG57NRD/index.html:text/html}
}

@online{noauthor_what_nodate,
	title = {What is Bacula?},
	url = {https://www.bacula.org/what-is-bacula/},
	abstract = {Bacula is a set of computer programs that permits the system administrator to manage backup, recovery, and verification of computer data across a network},
	titleaddon = {Bacula},
	urldate = {2021-01-03},
	langid = {american},
	file = {Snapshot:/home/leix/Zotero/storage/VZH66X25/what-is-bacula.html:text/html}
}

@online{noauthor_bacula_2014,
	title = {Bacula vs Other Backup Solutions},
	url = {http://wiki.bacula.org/doku.php?id=comparisons},
	titleaddon = {Bacula {DokuWiki}},
	urldate = {2021-01-03},
	date = {2014-02-10},
	file = {comparisons [Bacula DokuWiki]:/home/leix/Zotero/storage/W8BBB9RL/doku.html:text/html}
}

@online{noauthor_getting_nodate,
	title = {Getting Started with Bacula},
	url = {http://wiki.bacula.org/doku.php?id=bacula_manual:getting_started_with_bacula},
	titleaddon = {Bacula {DokuWiki}},
	urldate = {2021-01-03},
	file = {bacula_manual\:getting_started_with_bacula [Bacula DokuWiki]:/home/leix/Zotero/storage/XCJ9FHSL/doku.html:text/html}
}

@online{noauthor_veeam_nodate,
	title = {Veeam Editions Comparison},
	url = {https://www.veeam.com/products-edition-comparison.html},
	abstract = {Learn the differences between Veeam Products Editions for {VBR}, {VO}, {VAW} \& {VAL}. Select the edition that fits your needs!},
	titleaddon = {Veeam Software},
	urldate = {2021-01-03},
	langid = {english},
	file = {Snapshot:/home/leix/Zotero/storage/53CIMSUW/products-edition-comparison.html:text/html}
}

@online{vermaden_why_2018,
	title = {Why Bareos forked from Bacula?},
	url = {https://vermaden.wordpress.com/2018/03/19/why-bareos-forked-from-bacula/},
	abstract = {There are lots of reasons actually. The situation between Bareos and Bacula is very similar to the situation of Nextcloud and {OwnCloud}. Bacula have open source free Community version and Enterprise‚Ä¶},
	titleaddon = {ùöüùöéùöõùöñùöäùöçùöéùöó},
	author = {{vermaden}},
	urldate = {2021-01-03},
	date = {2018-03-19},
	langid = {english},
	file = {Snapshot:/home/leix/Zotero/storage/FENUULUJ/why-bareos-forked-from-bacula.html:text/html}
}

@online{noauthor_what_nodate-1,
	title = {What is Bareos?},
	url = {https://docs.bareos.org/IntroductionAndTutorial/WhatIsBareos.html#advantages-over-other-backup-programs},
	titleaddon = {Bareos Documentation},
	urldate = {2021-01-03},
	file = {What is Bareos? ‚Äî Bareos Documentation documentation:/home/leix/Zotero/storage/VISHEINI/WhatIsBareos.html:text/html}
}

@online{powers_backuppc_2011,
	title = {{BackupPC}},
	url = {https://www.linuxjournal.com/content/backuppc},
	titleaddon = {Linux Journal},
	author = {Powers, Shawn},
	urldate = {2021-01-03},
	date = {2011-03-17},
	file = {BackupPC | Linux Journal:/home/leix/Zotero/storage/2Y48UTED/backuppc.html:text/html}
}

@online{noauthor_about_nodate,
	title = {About {BackupPC}},
	url = {https://backuppc.github.io/backuppc/},
	shorttitle = {{BackupPC}},
	abstract = {{BackupPC} is a high-performance, enterprise-grade system for backing up Linux, Windows and {macOS} {PCs} and laptops to a server's disk.},
	titleaddon = {{BackupPC}},
	urldate = {2021-01-03},
	langid = {english},
	file = {Snapshot:/home/leix/Zotero/storage/RQ6AUDMT/info.html:text/html}
}

@misc{lehmann_concept_2017,
	title = {Concept Guide - Understanding Bacula Community Version Concepts},
	url = {https://blog.bacula.org/whitepapers/ConceptGuide.pdf},
	abstract = {This document is intended to present Bacula Community concepts,which allows the reader to quickly understand how to use Bacula successfully. This document is especially useful for beginners {withBacula}, because it presents the terminology used by Bacula adminstrators, as well as a way to easily find the relevant documentation},
	publisher = {Bacula Systems S.A.},
	author = {Lehmann, Arno and Chauvat, Philippe},
	urldate = {2021-01-03},
	date = {2017-05-13},
	file = {ConceptGuide.pdf:/home/leix/Zotero/storage/LJPCLUBH/ConceptGuide.pdf:application/pdf}
}

@misc{noauthor_veeam_2020,
	title = {Veeam Product Overview},
	url = {https://www.veeam.com/veeam_backup_10_0_datasheet_ds.pdf},
	abstract = {Veeam Software},
	urldate = {2021-01-03},
	date = {2020-07-12},
	file = {veeam_backup_10_0_datasheet_ds.pdf:/home/leix/Zotero/storage/PH6GQRGV/veeam_backup_10_0_datasheet_ds.pdf:application/pdf}
}